<record><leader>00000cas a2200000 a 4500</leader><controlfield tag="001">13780703</controlfield><controlfield tag="008">860626d19051959vtudn ne      0    0eng  </controlfield><datafield ind1=" " ind2=" " tag="010"><subfield code="a">sn 86071664 </subfield></datafield><datafield ind1=" " ind2=" " tag="040"><subfield code="a">DLC</subfield><subfield code="b">eng</subfield><subfield code="c">DLC</subfield><subfield code="d">NYS</subfield><subfield code="d">NVN</subfield><subfield code="d">DLC</subfield><subfield code="d">OCLCQ</subfield><subfield code="d">OCLCF</subfield><subfield code="d">OCLCO</subfield></datafield><datafield ind1=" " ind2=" " tag="042"><subfield code="a">pcc</subfield></datafield><datafield ind1=" " ind2=" " tag="043"><subfield code="a">n-us-vt</subfield></datafield><datafield ind1="0" ind2="0" tag="050"><subfield code="a">Newspaper</subfield></datafield><datafield ind1="0" ind2="0" tag="245"><subfield code="a">Montpelier evening Argus.</subfield></datafield><datafield ind1="1" ind2="3" tag="246"><subfield code="a">Evening Argus</subfield></datafield><datafield ind1=" " ind2=" " tag="260"><subfield code="a">Montpelier, Vt. :</subfield><subfield code="b">Morris Fletcher Atkins,</subfield><subfield code="c">1905-1959.</subfield></datafield><datafield ind1=" " ind2=" " tag="300"><subfield code="a">v. :</subfield><subfield code="b">ill.</subfield></datafield><datafield ind1=" " ind2=" " tag="310"><subfield code="a">Daily (except Sunday)</subfield></datafield><datafield ind1="0" ind2=" " tag="362"><subfield code="a">Vol. 8, no. 53 (Jan. 2, 1905)-v. 62, no. 255 (Aug. 29, 1959).</subfield></datafield><datafield ind1=" " ind2=" " tag="525"><subfield code="a">Has occasional supplements.</subfield></datafield><datafield ind1=" " ind2=" " tag="530"><subfield code="a">Also issued on microfilm from Vermont Public Records Lib.</subfield></datafield><datafield ind1=" " ind2=" " tag="580"><subfield code="a">Merged with: Barre daily times to form: the Times argus (Barre, Vt.).</subfield></datafield><datafield ind1=" " ind2="0" tag="651"><subfield code="a">Montpelier (Vt.)</subfield><subfield code="v">Newspapers.</subfield></datafield><datafield ind1=" " ind2="7" tag="655"><subfield code="a">Newspapers.</subfield><subfield code="2">fast</subfield><subfield code="0">(OCoLC)fst01423814</subfield></datafield><datafield ind1=" " ind2="7" tag="651"><subfield code="a">Vermont</subfield><subfield code="z">Montpelier.</subfield><subfield code="2">fast</subfield><subfield code="0">(OCoLC)fst01208013</subfield></datafield><datafield ind1=" " ind2=" " tag="752"><subfield code="a">United States</subfield><subfield code="b">Vermont</subfield><subfield code="c">Washington</subfield><subfield code="d">Montpelier.</subfield></datafield><datafield ind1="0" ind2="0" tag="780"><subfield code="t">Evening argus (Montpelier, Vt.)</subfield><subfield code="w">(DLC)sn 97067581</subfield><subfield code="w">(OCoLC)37575485</subfield></datafield><datafield ind1="1" ind2="7" tag="785"><subfield code="t">Barre daily times</subfield><subfield code="w">(DLC)sn 91066782</subfield><subfield code="w">(OCoLC)24575362</subfield></datafield><datafield ind1="1" ind2="7" tag="785"><subfield code="t">Times Argus (Barre, Vt.)</subfield><subfield code="w">(DLC)sn 86071573</subfield><subfield code="w">(OCoLC)13687824</subfield></datafield></record>